<?xml version="1.0" encoding="UTF-8"?><collection xmlns="http://www.loc.gov/MARC21/slim"><record><leader>00474nam--2200181-i-4500</leader><controlfield tag="001">000008332</controlfield><controlfield tag="002">20161230</controlfield><controlfield tag="005">20161230201027</controlfield><controlfield tag="008">060222s1000------------r-----000-0-eng-d</controlfield><datafield ind1=" " ind2=" " tag="040"><subfield code="a">IFIN-HH</subfield></datafield><datafield ind1=" " ind2=" " tag="080"><subfield code="a">519.41.47</subfield></datafield><datafield ind1="1" ind2=" " tag="100"><subfield code="a">Burrow, Martin</subfield></datafield><datafield ind1="1" ind2="0" tag="245"><subfield code="a">Representation theory of finite groups</subfield><subfield code="c">Martin burrow</subfield></datafield><datafield ind1=" " ind2=" " tag="260"><subfield code="a">New York</subfield><subfield code="b">Academic Press</subfield><subfield code="c">1965</subfield></datafield><datafield ind1=" " ind2=" " tag="300"><subfield code="a">185 P</subfield></datafield><datafield ind1=" " ind2=" " tag="490"><subfield code="a">Academic Paperbacks</subfield></datafield><datafield ind1=" " ind2=" " tag="852"><subfield code="a">27882</subfield><subfield code="c">519.4/5</subfield></datafield><datafield ind1=" " ind2=" " tag="CAT"><subfield code="a">Sys</subfield><subfield code="c">20130813</subfield><subfield code="h">113927</subfield></datafield></record></collection>